@book{beber_y_conducir,
    author    = "Organización Panamericana de la Salud",
    title     = "{Beber y conducir: Manual de seguridad vial para decisores y profesionales}",
    publisher = "Washington, D.C.: OPS",
    year      = "2010",
    note      = "ISBN: 978-92-75-33125-5",
}
@misc{reglamento_de_transito,
    author    = "Jefatura de Gobierno",
    title     = "{Reglamento de Tránsito del Distrito Federal}",
    year      = "2015",
}
@article{acute_alcohol,
    author    = "{Vonghia Luisa, Leggio Lorenzo, Ferrulli Anna, Bertini Marco, Gasbarrini Ggiovanni, Addolorato Giovanni}",
    title     = "Acute alcohol intoxication",
    journal   = "European journal of internal medicine",
    volume    = "19",
    issue     = "8",
    pages     = "561 - 567",
    year      = "2008",
    month     = "Dec",
    note      = "DOI: 10.1016/j.ejim.2007.06.033.",
}
@book{alcohol_consumption_and_ethyl,
    author    = "{IARC Working Group on the Evaluation of Carcinogenic Risk to Humans}",
    title     = "{Alcohol Consumption and Ethyl Carbamate (Vol. 96)}",
    publisher = "Lyon (FR): International Agency for Research on Cancer",
    year      = "2010",
    note      = "ISBN: 978-92-832-1296-6",
}
@article{alcohol_calculations,
    author    = "Searle John",
    title     = "Alcohol calculations and their uncertainty",
    journal   = "Medicine, Science and the Law",
    volume    = "55",
    issue     = "1",
    pages     = "58 - 64",
    year      = "2015",
    month     = "Jan",
    note      = "DOI: https://doi.org/10.1177/0025802414524385",
}
@book{alcohol_brief_overview,
    author    = "{Alcohol Advisory Council of New Zealand and Alcohol Advisory Council of New Zealand Staff}",
    title     = "{Alcohol: The Body and Health Effects: A Brief Overview}",
    publisher = "{Alcohol Advisory Council of New Zealand}",
    year      = "2012",
    note      = "ISBN: 978-19-27-13842-7",
}